<record><leader>00000cas a2200000 a 4500</leader><controlfield tag="001">43611098</controlfield><controlfield tag="008">000310d185u1858nyuwr ne      0    0eng c</controlfield><datafield ind1=" " ind2=" " tag="010"><subfield code="a">sn 00063007 </subfield></datafield><datafield ind1=" " ind2=" " tag="040"><subfield code="a">NYS</subfield><subfield code="b">eng</subfield><subfield code="c">NYS</subfield><subfield code="d">OCLCQ</subfield><subfield code="d">OCLCF</subfield><subfield code="d">OCLCO</subfield></datafield><datafield ind1="1" ind2=" " tag="029"><subfield code="a">AU@</subfield><subfield code="b">000021431134</subfield></datafield><datafield ind1=" " ind2=" " tag="042"><subfield code="a">pcc</subfield></datafield><datafield ind1=" " ind2=" " tag="043"><subfield code="a">n-us-ny</subfield></datafield><datafield ind1="0" ind2=" " tag="130"><subfield code="a">Saratoga sentinel (Saratoga Springs, N.Y. : 1857)</subfield></datafield><datafield ind1="1" ind2="0" tag="245"><subfield code="a">Saratoga sentinel.</subfield></datafield><datafield ind1=" " ind2=" " tag="260"><subfield code="a">Saratoga Springs, N.Y. :</subfield><subfield code="b">Clark &amp; Thayer</subfield></datafield><datafield ind1=" " ind2=" " tag="300"><subfield code="a">v.</subfield></datafield><datafield ind1=" " ind2=" " tag="310"><subfield code="a">Weekly</subfield></datafield><datafield ind1="1" ind2=" " tag="362"><subfield code="a">Ceased in 1858?</subfield></datafield><datafield ind1=" " ind2=" " tag="588"><subfield code="a">Description based on: Vol. 3, no. 23 (Oct. 6, 1857).</subfield></datafield><datafield ind1=" " ind2=" " tag="588"><subfield code="a">Latest issue consulted: Vol. 4, no. 16 (Apr. 20, 1858).</subfield></datafield><datafield ind1=" " ind2="0" tag="651"><subfield code="a">Saratoga Springs (N.Y.)</subfield><subfield code="v">Newspapers.</subfield></datafield><datafield ind1=" " ind2="0" tag="651"><subfield code="a">Saratoga County (N.Y.)</subfield><subfield code="v">Newspapers.</subfield></datafield><datafield ind1=" " ind2="7" tag="655"><subfield code="a">Newspapers.</subfield><subfield code="2">fast</subfield><subfield code="0">(OCoLC)fst01423814</subfield></datafield><datafield ind1=" " ind2="7" tag="651"><subfield code="a">New York (State)</subfield><subfield code="z">Saratoga County.</subfield><subfield code="2">fast</subfield><subfield code="0">(OCoLC)fst01210046</subfield></datafield><datafield ind1=" " ind2="7" tag="651"><subfield code="a">New York (State)</subfield><subfield code="z">Saratoga Springs.</subfield><subfield code="2">fast</subfield><subfield code="0">(OCoLC)fst01206823</subfield></datafield><datafield ind1=" " ind2=" " tag="752"><subfield code="a">United States</subfield><subfield code="b">New York</subfield><subfield code="c">Saratoga</subfield><subfield code="d">Saratoga.</subfield></datafield><datafield ind1="0" ind2=" " tag="775"><subfield code="t">Saratoga daily sentinel (Saratoga Springs, N.Y. : 1858)</subfield><subfield code="g">&lt;1858&gt;</subfield><subfield code="w">(DLC)sn 89071375</subfield><subfield code="w">(OCoLC)11490731</subfield></datafield><datafield ind1="0" ind2="0" tag="780"><subfield code="t">Saratoga weekly sentinel</subfield><subfield code="w">(DLC)sn 84031963</subfield><subfield code="w">(OCoLC)11490731</subfield></datafield><datafield ind1="0" ind2="7" tag="785"><subfield code="t">Saratoga weekly Republican</subfield><subfield code="w">(DLC)sn 84031702</subfield><subfield code="w">(OCoLC)11168187</subfield></datafield><datafield ind1="0" ind2="7" tag="785"><subfield code="t">Republican and sentinel</subfield><subfield code="w">(DLC)sn 84031073</subfield><subfield code="w">(OCoLC)11192705</subfield></datafield></record>